%YAML 1.1
%TAG !u! tag:unity3d.com,2011:
--- !u!1001 &100100000
Prefab:
  m_ObjectHideFlags: 1
  serializedVersion: 2
  m_Modification:
    m_TransformParent: {fileID: 0}
    m_Modifications: []
    m_RemovedComponents: []
  m_ParentPrefab: {fileID: 0}
  m_RootGameObject: {fileID: 1287667029674248}
  m_IsPrefabParent: 1
--- !u!1 &1275844754851046
GameObject:
  m_ObjectHideFlags: 1
  m_PrefabParentObject: {fileID: 0}
  m_PrefabInternal: {fileID: 100100000}
  serializedVersion: 5
  m_Component:
  - component: {fileID: 4189563610572390}
  m_Layer: 0
  m_Name: Head_Turn
  m_TagString: Untagged
  m_Icon: {fileID: 0}
  m_NavMeshLayer: 0
  m_StaticEditorFlags: 0
  m_IsActive: 1
--- !u!1 &1287667029674248
GameObject:
  m_ObjectHideFlags: 0
  m_PrefabParentObject: {fileID: 0}
  m_PrefabInternal: {fileID: 100100000}
  serializedVersion: 5
  m_Component:
  - component: {fileID: 4483486652322016}
  - component: {fileID: 95469050620662950}
  - component: {fileID: 114833204418827130}
  - component: {fileID: 114923539714772838}
  m_Layer: 27
  m_Name: InvisibleBody
  m_TagString: Untagged
  m_Icon: {fileID: 0}
  m_NavMeshLayer: 0
  m_StaticEditorFlags: 0
  m_IsActive: 1
--- !u!1 &1308314864889430
GameObject:
  m_ObjectHideFlags: 0
  m_PrefabParentObject: {fileID: 0}
  m_PrefabInternal: {fileID: 100100000}
  serializedVersion: 5
  m_Component:
  - component: {fileID: 4754437707553502}
  m_Layer: 0
  m_Name: Head
  m_TagString: Untagged
  m_Icon: {fileID: 0}
  m_NavMeshLayer: 0
  m_StaticEditorFlags: 0
  m_IsActive: 0
--- !u!1 &1360007066446532
GameObject:
  m_ObjectHideFlags: 0
  m_PrefabParentObject: {fileID: 0}
  m_PrefabInternal: {fileID: 100100000}
  serializedVersion: 5
  m_Component:
  - component: {fileID: 4317780443381392}
  m_Layer: 0
  m_Name: Hand_R
  m_TagString: Untagged
  m_Icon: {fileID: 0}
  m_NavMeshLayer: 0
  m_StaticEditorFlags: 0
  m_IsActive: 1
--- !u!1 &1820528480024620
GameObject:
  m_ObjectHideFlags: 1
  m_PrefabParentObject: {fileID: 0}
  m_PrefabInternal: {fileID: 100100000}
  serializedVersion: 5
  m_Component:
  - component: {fileID: 4557836406159872}
  - component: {fileID: 114777325859405418}
  m_Layer: 27
  m_Name: Torso
  m_TagString: Untagged
  m_Icon: {fileID: 0}
  m_NavMeshLayer: 0
  m_StaticEditorFlags: 0
  m_IsActive: 1
--- !u!1 &1851127517090714
GameObject:
  m_ObjectHideFlags: 0
  m_PrefabParentObject: {fileID: 0}
  m_PrefabInternal: {fileID: 100100000}
  serializedVersion: 5
  m_Component:
  - component: {fileID: 4072332215285096}
  m_Layer: 0
  m_Name: Hand_L
  m_TagString: Untagged
  m_Icon: {fileID: 0}
  m_NavMeshLayer: 0
  m_StaticEditorFlags: 0
  m_IsActive: 1
--- !u!4 &4072332215285096
Transform:
  m_ObjectHideFlags: 1
  m_PrefabParentObject: {fileID: 0}
  m_PrefabInternal: {fileID: 100100000}
  m_GameObject: {fileID: 1851127517090714}
  m_LocalRotation: {x: 0, y: 0, z: 0, w: 1}
  m_LocalPosition: {x: 0.3, y: 1, z: 0}
  m_LocalScale: {x: 1, y: 1, z: 1}
  m_Children: []
  m_Father: {fileID: 4483486652322016}
  m_RootOrder: 0
  m_LocalEulerAnglesHint: {x: -40.598602, y: 2.0526597, z: 20.925814}
--- !u!4 &4189563610572390
Transform:
  m_ObjectHideFlags: 1
  m_PrefabParentObject: {fileID: 0}
  m_PrefabInternal: {fileID: 100100000}
  m_GameObject: {fileID: 1275844754851046}
  m_LocalRotation: {x: 0, y: 1, z: 0, w: 0}
  m_LocalPosition: {x: 0, y: 0, z: 0}
  m_LocalScale: {x: 1, y: 1, z: 1}
  m_Children: []
  m_Father: {fileID: 4754437707553502}
  m_RootOrder: 0
  m_LocalEulerAnglesHint: {x: 0, y: 180, z: 0}
--- !u!4 &4317780443381392
Transform:
  m_ObjectHideFlags: 1
  m_PrefabParentObject: {fileID: 0}
  m_PrefabInternal: {fileID: 100100000}
  m_GameObject: {fileID: 1360007066446532}
  m_LocalRotation: {x: 0, y: 1, z: 0, w: 0}
  m_LocalPosition: {x: -0.3, y: 1, z: 0}
  m_LocalScale: {x: 1, y: 1, z: 1}
  m_Children: []
  m_Father: {fileID: 4483486652322016}
  m_RootOrder: 1
  m_LocalEulerAnglesHint: {x: -44.16041, y: 20.880053, z: -30.743277}
--- !u!4 &4483486652322016
Transform:
  m_ObjectHideFlags: 1
  m_PrefabParentObject: {fileID: 0}
  m_PrefabInternal: {fileID: 100100000}
  m_GameObject: {fileID: 1287667029674248}
  m_LocalRotation: {x: 0, y: 1, z: 0, w: 0}
  m_LocalPosition: {x: 0, y: -0.5, z: 0}
  m_LocalScale: {x: 1, y: 1, z: 1}
  m_Children:
  - {fileID: 4072332215285096}
  - {fileID: 4317780443381392}
  - {fileID: 4754437707553502}
  m_Father: {fileID: 0}
  m_RootOrder: 0
  m_LocalEulerAnglesHint: {x: 0, y: 180, z: 0}
--- !u!4 &4557836406159872
Transform:
  m_ObjectHideFlags: 1
  m_PrefabParentObject: {fileID: 0}
  m_PrefabInternal: {fileID: 100100000}
  m_GameObject: {fileID: 1820528480024620}
  m_LocalRotation: {x: -0, y: 0.053056248, z: -0, w: -0.99859154}
  m_LocalPosition: {x: 0, y: -0.5609999, z: 0.02979377}
  m_LocalScale: {x: 2.3708103, y: 2.370809, z: 1.8966475}
  m_Children: []
  m_Father: {fileID: 4754437707553502}
  m_RootOrder: 1
  m_LocalEulerAnglesHint: {x: -28, y: -177.24901, z: -0.083000004}
--- !u!4 &4754437707553502
Transform:
  m_ObjectHideFlags: 1
  m_PrefabParentObject: {fileID: 0}
  m_PrefabInternal: {fileID: 100100000}
  m_GameObject: {fileID: 1308314864889430}
  m_LocalRotation: {x: 0, y: 0, z: 0, w: 1}
  m_LocalPosition: {x: 0, y: 1.937, z: -0.237}
  m_LocalScale: {x: 0.5, y: 0.5, z: 0.5}
  m_Children:
  - {fileID: 4189563610572390}
  - {fileID: 4557836406159872}
  m_Father: {fileID: 4483486652322016}
  m_RootOrder: 2
  m_LocalEulerAnglesHint: {x: 2.7611616, y: 1.128221, z: 0.85807675}
--- !u!95 &95469050620662950
Animator:
  serializedVersion: 3
  m_ObjectHideFlags: 1
  m_PrefabParentObject: {fileID: 0}
  m_PrefabInternal: {fileID: 100100000}
  m_GameObject: {fileID: 1287667029674248}
  m_Enabled: 1
  m_Avatar: {fileID: 9000000, guid: 39101171255f3bb4d9a0344b81338037, type: 3}
  m_Controller: {fileID: 9100000, guid: ef85582f9ee18244c8b1c77ad59c8102, type: 2}
  m_CullingMode: 0
  m_UpdateMode: 0
  m_ApplyRootMotion: 0
  m_LinearVelocityBlending: 0
  m_WarningMessage: 
  m_HasTransformHierarchy: 1
  m_AllowConstantClipSamplingOptimization: 1
--- !u!114 &114777325859405418
MonoBehaviour:
  m_ObjectHideFlags: 1
  m_PrefabParentObject: {fileID: 0}
  m_PrefabInternal: {fileID: 100100000}
  m_GameObject: {fileID: 1820528480024620}
  m_Enabled: 1
  m_EditorHideFlags: 0
  m_Script: {fileID: 11500000, guid: 7604626561385fb47a7e7c7a55aa3868, type: 3}
  m_Name: 
  m_EditorClassIdentifier: 
--- !u!114 &114833204418827130
MonoBehaviour:
  m_ObjectHideFlags: 1
  m_PrefabParentObject: {fileID: 0}
  m_PrefabInternal: {fileID: 100100000}
  m_GameObject: {fileID: 1287667029674248}
  m_Enabled: 1
  m_EditorHideFlags: 0
  m_Script: {fileID: 11500000, guid: 9f33e18b2e9d50248adaade222310c12, type: 3}
  m_Name: 
  m_EditorClassIdentifier: 
--- !u!114 &114923539714772838
MonoBehaviour:
  m_ObjectHideFlags: 1
  m_PrefabParentObject: {fileID: 0}
  m_PrefabInternal: {fileID: 100100000}
  m_GameObject: {fileID: 1287667029674248}
  m_Enabled: 1
  m_EditorHideFlags: 0
  m_Script: {fileID: 11500000, guid: f9bb69b03c96bc941953524731acee83, type: 3}
  m_Name: 
  m_EditorClassIdentifier: 
  headRoot: {fileID: 4754437707553502}
  head: {fileID: 0}
  torso: {fileID: 4557836406159872}
  jersey: {fileID: 0}
  cap: {fileID: 0}
  helmet: {fileID: 0}
  leftShoulderRoot: {fileID: 0}
  rightShoulderRoot: {fileID: 0}
  leftShoulderRoot_Neutral: {fileID: 0}
  rightShoulderRoot_Neutral: {fileID: 0}
  leftHandRoot: {fileID: 4072332215285096}
  rightHandRoot: {fileID: 4317780443381392}
  leftHandRenderer: {fileID: 0}
  rightHandRenderer: {fileID: 0}
  nameText: {fileID: 0}
  numberText: {fileID: 0}
  armLength: 1
  catcherMaskPrefab: {fileID: 1331368194138858, guid: 51ef1e92fe880f44fb39d5ecedce5dc3,
    type: 2}
  catcherVestPrefab: {fileID: 1128856073074192, guid: c6c69422be936fe4abb39da8cc603a9b,
    type: 2}
  leftHandOffset: {x: 0, y: -0.06, z: 0.14}
  rightHandOffset: {x: 0, y: 0, z: 0}
  leftHandOffsetOculus: {x: 0, y: 0, z: 0}
  rightHandOffsetOculus: {x: 0, y: 0, z: 0}
