%YAML 1.1
%TAG !u! tag:unity3d.com,2011:
--- !u!1001 &100100000
Prefab:
  m_ObjectHideFlags: 1
  serializedVersion: 2
  m_Modification:
    m_TransformParent: {fileID: 0}
    m_Modifications: []
    m_RemovedComponents: []
  m_ParentPrefab: {fileID: 0}
  m_RootGameObject: {fileID: 1000013841023416}
  m_IsPrefabParent: 1
--- !u!1 &1000013841023416
GameObject:
  m_ObjectHideFlags: 0
  m_PrefabParentObject: {fileID: 0}
  m_PrefabInternal: {fileID: 100100000}
  serializedVersion: 5
  m_Component:
  - component: {fileID: 224000012546514534}
  - component: {fileID: 33000014035775614}
  - component: {fileID: 114000013376231466}
  - component: {fileID: 114000010214106526}
  - component: {fileID: 23000011272422078}
  - component: {fileID: 222000013521807162}
  - component: {fileID: 114000013821840634}
  m_Layer: 0
  m_Name: NEW-WALL
  m_TagString: Untagged
  m_Icon: {fileID: 0}
  m_NavMeshLayer: 0
  m_StaticEditorFlags: 0
  m_IsActive: 1
--- !u!23 &23000011272422078
MeshRenderer:
  m_ObjectHideFlags: 1
  m_PrefabParentObject: {fileID: 0}
  m_PrefabInternal: {fileID: 100100000}
  m_GameObject: {fileID: 1000013841023416}
  m_Enabled: 1
  m_CastShadows: 0
  m_ReceiveShadows: 0
  m_DynamicOccludee: 1
  m_MotionVectors: 1
  m_LightProbeUsage: 0
  m_ReflectionProbeUsage: 1
  m_Materials:
  - {fileID: 2100000, guid: 410d34d6fd6b5e448bb81ef9c28915e2, type: 2}
  m_StaticBatchInfo:
    firstSubMesh: 0
    subMeshCount: 0
  m_StaticBatchRoot: {fileID: 0}
  m_ProbeAnchor: {fileID: 0}
  m_LightProbeVolumeOverride: {fileID: 0}
  m_ScaleInLightmap: 1
  m_PreserveUVs: 0
  m_IgnoreNormalsForChartDetection: 0
  m_ImportantGI: 0
  m_StitchLightmapSeams: 0
  m_SelectedEditorRenderState: 3
  m_MinimumChartSize: 4
  m_AutoUVMaxDistance: 0.5
  m_AutoUVMaxAngle: 89
  m_LightmapParameters: {fileID: 0}
  m_SortingLayerID: 0
  m_SortingLayer: 0
  m_SortingOrder: 0
--- !u!33 &33000014035775614
MeshFilter:
  m_ObjectHideFlags: 1
  m_PrefabParentObject: {fileID: 0}
  m_PrefabInternal: {fileID: 100100000}
  m_GameObject: {fileID: 1000013841023416}
  m_Mesh: {fileID: 0}
--- !u!114 &114000010214106526
MonoBehaviour:
  m_ObjectHideFlags: 1
  m_PrefabParentObject: {fileID: 0}
  m_PrefabInternal: {fileID: 100100000}
  m_GameObject: {fileID: 1000013841023416}
  m_Enabled: 1
  m_EditorHideFlags: 0
  m_Script: {fileID: 11500000, guid: 1a1578b9753d2604f98d608cb4239e2f, type: 3}
  m_Name: 
  m_EditorClassIdentifier: 
  m_Material: {fileID: 0}
  m_Color: {r: 1, g: 1, b: 1, a: 1}
  m_RaycastTarget: 1
  m_OnCullStateChanged:
    m_PersistentCalls:
      m_Calls: []
    m_TypeName: UnityEngine.UI.MaskableGraphic+CullStateChangedEvent, UnityEngine.UI,
      Version=1.0.0.0, Culture=neutral, PublicKeyToken=null
  m_text: WALL
  m_isRightToLeft: 0
  m_fontAsset: {fileID: 11400000, guid: 2a7482f0ab007e040a6464098f67d10e, type: 2}
  m_sharedMaterial: {fileID: 2100000, guid: 410d34d6fd6b5e448bb81ef9c28915e2, type: 2}
  m_fontSharedMaterials: []
  m_fontMaterial: {fileID: 0}
  m_fontMaterials: []
  m_fontColor32:
    serializedVersion: 2
    rgba: 4292532959
  m_fontColor: {r: 0.875, g: 0.8556985, b: 0.8556985, a: 1}
  m_enableVertexGradient: 0
  m_fontColorGradient:
    topLeft: {r: 1, g: 1, b: 1, a: 1}
    topRight: {r: 1, g: 1, b: 1, a: 1}
    bottomLeft: {r: 1, g: 1, b: 1, a: 1}
    bottomRight: {r: 1, g: 1, b: 1, a: 1}
  m_fontColorGradientPreset: {fileID: 0}
  m_tintAllSprites: 0
  m_overrideHtmlColors: 0
  m_faceColor:
    serializedVersion: 2
    rgba: 4294967295
  m_outlineColor:
    serializedVersion: 2
    rgba: 4278190080
  m_fontSize: 46.5
  m_fontSizeBase: 46.5
  m_fontWeight: 400
  m_enableAutoSizing: 0
  m_fontSizeMin: 24
  m_fontSizeMax: 96
  m_fontStyle: 1
  m_textAlignment: 1
  m_characterSpacing: 10
  m_lineSpacing: 0
  m_lineSpacingMax: 0
  m_paragraphSpacing: 0
  m_charWidthMaxAdj: 0
  m_enableWordWrapping: 1
  m_wordWrappingRatios: 0.4
  m_enableAdaptiveJustification: 0
  m_overflowMode: 0
  m_enableKerning: 1
  m_enableExtraPadding: 0
  checkPaddingRequired: 0
  m_isRichText: 1
  m_parseCtrlCharacters: 1
  m_isOrthographic: 0
  m_isCullingEnabled: 0
  m_ignoreCulling: 1
  m_horizontalMapping: 0
  m_verticalMapping: 0
  m_useMaxVisibleDescender: 1
  m_pageToDisplay: 0
  m_margin: {x: 0, y: 0, z: 0, w: 0}
  m_textInfo:
    textComponent: {fileID: 114000010214106526}
    characterCount: 5
    spriteCount: 0
    spaceCount: 0
    wordCount: 1
    linkCount: 0
    lineCount: 1
    pageCount: 1
    materialCount: 1
  m_havePropertiesChanged: 1
  m_isUsingLegacyAnimationComponent: 0
  m_isVolumetricText: 0
  m_isInputParsingRequired: 1
  m_inputSource: 0
  m_lineLength: 0
  m_anchor: 0
  m_uvOffset: {x: 0, y: 0}
  m_uvLineOffset: 0.3
  m_hasFontAssetChanged: 0
  m_renderer: {fileID: 23000011272422078}
  m_subTextObjects:
  - {fileID: 0}
  - {fileID: 0}
  - {fileID: 0}
  - {fileID: 0}
  - {fileID: 0}
  - {fileID: 0}
  - {fileID: 0}
  - {fileID: 0}
  - {fileID: 0}
  - {fileID: 0}
  - {fileID: 0}
  - {fileID: 0}
  - {fileID: 0}
  - {fileID: 0}
  - {fileID: 0}
  - {fileID: 0}
  m_maskType: 0
--- !u!114 &114000013376231466
MonoBehaviour:
  m_ObjectHideFlags: 1
  m_PrefabParentObject: {fileID: 0}
  m_PrefabInternal: {fileID: 100100000}
  m_GameObject: {fileID: 1000013841023416}
  m_Enabled: 1
  m_EditorHideFlags: 0
  m_Script: {fileID: 11500000, guid: 3b34fc186f40e8043b977d4fa70db8c5, type: 3}
  m_Name: 
  m_EditorClassIdentifier: 
  m_pivot: {x: 0.5, y: 0.5}
  m_anchorPosition: 4
  m_rect:
    serializedVersion: 2
    x: 0
    y: 0
    width: 26.762276
    height: 9.853713
  m_margins: {x: 0, y: 0, z: 0, w: 0}
--- !u!114 &114000013821840634
MonoBehaviour:
  m_ObjectHideFlags: 1
  m_PrefabParentObject: {fileID: 0}
  m_PrefabInternal: {fileID: 100100000}
  m_GameObject: {fileID: 1000013841023416}
  m_Enabled: 1
  m_EditorHideFlags: 0
  m_Script: {fileID: 11500000, guid: b29630993f8414147960ae67b9e064e3, type: 3}
  m_Name: 
  m_EditorClassIdentifier: 
  Property: 1
  soundClip: {fileID: 8300000, guid: b599f3723684950478c777f41cbe3452, type: 3}
  ExpandRate: 1
  DestroyTimer: 0.95
  soundVolume: 0.45
  tmp: {fileID: 114000010214106526}
  childTMP: {fileID: 0}
--- !u!222 &222000013521807162
CanvasRenderer:
  m_ObjectHideFlags: 1
  m_PrefabParentObject: {fileID: 0}
  m_PrefabInternal: {fileID: 100100000}
  m_GameObject: {fileID: 1000013841023416}
--- !u!224 &224000012546514534
RectTransform:
  m_ObjectHideFlags: 1
  m_PrefabParentObject: {fileID: 0}
  m_PrefabInternal: {fileID: 100100000}
  m_GameObject: {fileID: 1000013841023416}
  m_LocalRotation: {x: -0, y: -0.6931539, z: -0, w: 0.7207897}
  m_LocalPosition: {x: -22.810001, y: 1.4654, z: 0.39704}
  m_LocalScale: {x: 1.2065685, y: 1.2065699, z: 1.2065699}
  m_Children: []
  m_Father: {fileID: 0}
  m_RootOrder: 0
  m_LocalEulerAnglesHint: {x: 0, y: -87.826004, z: 0}
  m_AnchorMin: {x: 0.5, y: 0.5}
  m_AnchorMax: {x: 0.5, y: 0.5}
  m_AnchoredPosition: {x: -22.81, y: 1.4654}
  m_SizeDelta: {x: 26.762276, y: 9.853713}
  m_Pivot: {x: 0.5, y: 0.5}
