%YAML 1.1
%TAG !u! tag:unity3d.com,2011:
--- !u!1001 &100100000
Prefab:
  m_ObjectHideFlags: 1
  serializedVersion: 2
  m_Modification:
    m_TransformParent: {fileID: 0}
    m_Modifications: []
    m_RemovedComponents: []
  m_ParentPrefab: {fileID: 0}
  m_RootGameObject: {fileID: 1132510793176652}
  m_IsPrefabParent: 1
--- !u!1 &1017727737961950
GameObject:
  m_ObjectHideFlags: 1
  m_PrefabParentObject: {fileID: 0}
  m_PrefabInternal: {fileID: 100100000}
  serializedVersion: 5
  m_Component:
  - component: {fileID: 4487261704583306}
  - component: {fileID: 65435542189225180}
  m_Layer: 19
  m_Name: Solid Catch
  m_TagString: Untagged
  m_Icon: {fileID: 0}
  m_NavMeshLayer: 0
  m_StaticEditorFlags: 0
  m_IsActive: 1
--- !u!1 &1132510793176652
GameObject:
  m_ObjectHideFlags: 0
  m_PrefabParentObject: {fileID: 0}
  m_PrefabInternal: {fileID: 100100000}
  serializedVersion: 5
  m_Component:
  - component: {fileID: 4677767397857026}
  - component: {fileID: 54005525946744806}
  - component: {fileID: 135045196394500678}
  - component: {fileID: 82824523366968446}
  - component: {fileID: 114811866005871062}
  - component: {fileID: 114573461612039768}
  - component: {fileID: 114590889963205380}
  - component: {fileID: 114380994236466106}
  - component: {fileID: 114070871865677814}
  m_Layer: 19
  m_Name: Multiplayer_Glove
  m_TagString: Glove
  m_Icon: {fileID: 0}
  m_NavMeshLayer: 0
  m_StaticEditorFlags: 0
  m_IsActive: 1
--- !u!1 &1184736943897734
GameObject:
  m_ObjectHideFlags: 1
  m_PrefabParentObject: {fileID: 0}
  m_PrefabInternal: {fileID: 100100000}
  serializedVersion: 5
  m_Component:
  - component: {fileID: 4350133326627346}
  - component: {fileID: 65567330544739876}
  m_Layer: 19
  m_Name: Rim Collider 3
  m_TagString: Untagged
  m_Icon: {fileID: 0}
  m_NavMeshLayer: 0
  m_StaticEditorFlags: 0
  m_IsActive: 1
--- !u!1 &1275335935914020
GameObject:
  m_ObjectHideFlags: 1
  m_PrefabParentObject: {fileID: 0}
  m_PrefabInternal: {fileID: 100100000}
  serializedVersion: 5
  m_Component:
  - component: {fileID: 4608498758058356}
  m_Layer: 19
  m_Name: BallPosition
  m_TagString: Untagged
  m_Icon: {fileID: 0}
  m_NavMeshLayer: 0
  m_StaticEditorFlags: 0
  m_IsActive: 1
--- !u!1 &1294314803690192
GameObject:
  m_ObjectHideFlags: 1
  m_PrefabParentObject: {fileID: 0}
  m_PrefabInternal: {fileID: 100100000}
  serializedVersion: 5
  m_Component:
  - component: {fileID: 4078260621258990}
  - component: {fileID: 65335424692823960}
  m_Layer: 19
  m_Name: Rim Collider 1
  m_TagString: Untagged
  m_Icon: {fileID: 0}
  m_NavMeshLayer: 0
  m_StaticEditorFlags: 0
  m_IsActive: 1
--- !u!1 &1304123540766684
GameObject:
  m_ObjectHideFlags: 0
  m_PrefabParentObject: {fileID: 0}
  m_PrefabInternal: {fileID: 100100000}
  serializedVersion: 5
  m_Component:
  - component: {fileID: 4618905045178870}
  - component: {fileID: 33676668349459086}
  - component: {fileID: 23012736712512136}
  m_Layer: 19
  m_Name: Mit Red Open 03
  m_TagString: Untagged
  m_Icon: {fileID: 0}
  m_NavMeshLayer: 0
  m_StaticEditorFlags: 0
  m_IsActive: 1
--- !u!1 &1746426102366272
GameObject:
  m_ObjectHideFlags: 1
  m_PrefabParentObject: {fileID: 0}
  m_PrefabInternal: {fileID: 100100000}
  serializedVersion: 5
  m_Component:
  - component: {fileID: 4725270378442328}
  - component: {fileID: 65014909518337830}
  m_Layer: 19
  m_Name: Rim Collider 4
  m_TagString: Untagged
  m_Icon: {fileID: 0}
  m_NavMeshLayer: 0
  m_StaticEditorFlags: 0
  m_IsActive: 1
--- !u!1 &1829986109709944
GameObject:
  m_ObjectHideFlags: 1
  m_PrefabParentObject: {fileID: 0}
  m_PrefabInternal: {fileID: 100100000}
  serializedVersion: 5
  m_Component:
  - component: {fileID: 4859730920538306}
  - component: {fileID: 65874995660482424}
  m_Layer: 19
  m_Name: Rim Collider 2
  m_TagString: Untagged
  m_Icon: {fileID: 0}
  m_NavMeshLayer: 0
  m_StaticEditorFlags: 0
  m_IsActive: 1
--- !u!1 &1910642635436730
GameObject:
  m_ObjectHideFlags: 1
  m_PrefabParentObject: {fileID: 0}
  m_PrefabInternal: {fileID: 100100000}
  serializedVersion: 5
  m_Component:
  - component: {fileID: 4110641513171748}
  - component: {fileID: 65216070517351996}
  m_Layer: 19
  m_Name: Solid Catch
  m_TagString: Untagged
  m_Icon: {fileID: 0}
  m_NavMeshLayer: 0
  m_StaticEditorFlags: 0
  m_IsActive: 1
--- !u!4 &4078260621258990
Transform:
  m_ObjectHideFlags: 1
  m_PrefabParentObject: {fileID: 0}
  m_PrefabInternal: {fileID: 100100000}
  m_GameObject: {fileID: 1294314803690192}
  m_LocalRotation: {x: 0.12824498, y: -0.75679976, z: -0.63721466, w: -0.06902848}
  m_LocalPosition: {x: 0.08943473, y: 0.021088267, z: -0.0068929754}
  m_LocalScale: {x: 1.0415663, y: 1.0415661, z: 1.0415641}
  m_Children: []
  m_Father: {fileID: 4618905045178870}
  m_RootOrder: 2
  m_LocalEulerAnglesHint: {x: -69.231, y: 5.03, z: -27.053001}
--- !u!4 &4110641513171748
Transform:
  m_ObjectHideFlags: 1
  m_PrefabParentObject: {fileID: 0}
  m_PrefabInternal: {fileID: 100100000}
  m_GameObject: {fileID: 1910642635436730}
  m_LocalRotation: {x: -0.0020308346, y: -0.76191854, z: -0.6472161, w: -0.02423612}
  m_LocalPosition: {x: 0.008341737, y: 0.023731945, z: -0.001358921}
  m_LocalScale: {x: 1, y: 1, z: 1}
  m_Children: []
  m_Father: {fileID: 4618905045178870}
  m_RootOrder: 0
  m_LocalEulerAnglesHint: {x: -70.563, y: -10.863001, z: 2.881}
--- !u!4 &4350133326627346
Transform:
  m_ObjectHideFlags: 1
  m_PrefabParentObject: {fileID: 0}
  m_PrefabInternal: {fileID: 100100000}
  m_GameObject: {fileID: 1184736943897734}
  m_LocalRotation: {x: -0.121438965, y: -0.80924827, z: -0.57475924, w: 0.004655329}
  m_LocalPosition: {x: 0.034871392, y: 0.033780046, z: 0.0067734118}
  m_LocalScale: {x: 1.0415659, y: 1.0415653, z: 1.0415645}
  m_Children: []
  m_Father: {fileID: 4618905045178870}
  m_RootOrder: 4
  m_LocalEulerAnglesHint: {x: -59.194004, y: -19.656, z: 23.215}
--- !u!4 &4487261704583306
Transform:
  m_ObjectHideFlags: 1
  m_PrefabParentObject: {fileID: 0}
  m_PrefabInternal: {fileID: 100100000}
  m_GameObject: {fileID: 1017727737961950}
  m_LocalRotation: {x: 0.07656231, y: -0.4952231, z: -0.86096686, w: 0.087340936}
  m_LocalPosition: {x: 0.01372667, y: -0.016834643, z: 0.0036770173}
  m_LocalScale: {x: 1, y: 1, z: 1}
  m_Children: []
  m_Father: {fileID: 4618905045178870}
  m_RootOrder: 1
  m_LocalEulerAnglesHint: {x: -65.639, y: 140.08101, z: -143.966}
--- !u!4 &4608498758058356
Transform:
  m_ObjectHideFlags: 1
  m_PrefabParentObject: {fileID: 0}
  m_PrefabInternal: {fileID: 100100000}
  m_GameObject: {fileID: 1275335935914020}
  m_LocalRotation: {x: -0.03659777, y: -0.66984713, z: -0.7405985, w: 0.038461935}
  m_LocalPosition: {x: 0.011115834, y: 0.0050123893, z: -0.014506541}
  m_LocalScale: {x: 0.6250003, y: 0.62500036, z: 0.62499994}
  m_Children: []
  m_Father: {fileID: 4618905045178870}
  m_RootOrder: 5
  m_LocalEulerAnglesHint: {x: 0, y: 0, z: 0}
--- !u!4 &4618905045178870
Transform:
  m_ObjectHideFlags: 1
  m_PrefabParentObject: {fileID: 0}
  m_PrefabInternal: {fileID: 100100000}
  m_GameObject: {fileID: 1304123540766684}
  m_LocalRotation: {x: 0.087399885, y: 0.6707467, z: 0.7365182, w: -0.0010320522}
  m_LocalPosition: {x: 0.0805, y: 0.012, z: 0.1959}
  m_LocalScale: {x: 1.84, y: 1.84, z: 1.84}
  m_Children:
  - {fileID: 4110641513171748}
  - {fileID: 4487261704583306}
  - {fileID: 4078260621258990}
  - {fileID: 4859730920538306}
  - {fileID: 4350133326627346}
  - {fileID: 4608498758058356}
  - {fileID: 4725270378442328}
  m_Father: {fileID: 4677767397857026}
  m_RootOrder: 0
  m_LocalEulerAnglesHint: {x: -98.827995, y: 236.14, z: -48.901}
--- !u!4 &4677767397857026
Transform:
  m_ObjectHideFlags: 1
  m_PrefabParentObject: {fileID: 0}
  m_PrefabInternal: {fileID: 100100000}
  m_GameObject: {fileID: 1132510793176652}
  m_LocalRotation: {x: 0, y: 0, z: 1, w: -0.00000016292068}
  m_LocalPosition: {x: 0.49, y: -0.243, z: 1.7599447}
  m_LocalScale: {x: 1, y: 1, z: 1}
  m_Children:
  - {fileID: 4618905045178870}
  m_Father: {fileID: 0}
  m_RootOrder: 0
  m_LocalEulerAnglesHint: {x: 0, y: 0, z: 180}
--- !u!4 &4725270378442328
Transform:
  m_ObjectHideFlags: 1
  m_PrefabParentObject: {fileID: 0}
  m_PrefabInternal: {fileID: 100100000}
  m_GameObject: {fileID: 1746426102366272}
  m_LocalRotation: {x: -0.07132259, y: -0.5209497, z: -0.8504248, w: -0.017380785}
  m_LocalPosition: {x: 0.022461357, y: -0.030463526, z: 0.007244805}
  m_LocalScale: {x: 1.0415674, y: 1.0415665, z: 1.0415643}
  m_Children: []
  m_Father: {fileID: 4618905045178870}
  m_RootOrder: 6
  m_LocalEulerAnglesHint: {x: -71.709, y: -162.011, z: 159.792}
--- !u!4 &4859730920538306
Transform:
  m_ObjectHideFlags: 1
  m_PrefabParentObject: {fileID: 0}
  m_PrefabInternal: {fileID: 100100000}
  m_GameObject: {fileID: 1829986109709944}
  m_LocalRotation: {x: -0.045498345, y: -0.7518839, z: -0.5827295, w: 0.30500305}
  m_LocalPosition: {x: -0.074184276, y: 0.0005461417, z: -0.01786117}
  m_LocalScale: {x: 1.0415647, y: 1.0415652, z: 1.041564}
  m_Children: []
  m_Father: {fileID: 4618905045178870}
  m_RootOrder: 3
  m_LocalEulerAnglesHint: {x: -59.540005, y: 48.709003, z: -23.255001}
--- !u!23 &23012736712512136
MeshRenderer:
  m_ObjectHideFlags: 1
  m_PrefabParentObject: {fileID: 0}
  m_PrefabInternal: {fileID: 100100000}
  m_GameObject: {fileID: 1304123540766684}
  m_Enabled: 1
  m_CastShadows: 1
  m_ReceiveShadows: 1
  m_DynamicOccludee: 1
  m_MotionVectors: 1
  m_LightProbeUsage: 1
  m_ReflectionProbeUsage: 1
  m_Materials:
  - {fileID: 2100000, guid: b50afe025e6d60d44911b4d481139331, type: 2}
  - {fileID: 2100000, guid: ed020d0fe4a5b4c409d8a25db7d0a1b6, type: 2}
  - {fileID: 2100000, guid: 463ef9c93c36f3244bb5aa1b44c297c6, type: 2}
  - {fileID: 2100000, guid: a8d752e1d743fe44e83fbb8bc7ee94d7, type: 2}
  m_StaticBatchInfo:
    firstSubMesh: 0
    subMeshCount: 0
  m_StaticBatchRoot: {fileID: 0}
  m_ProbeAnchor: {fileID: 0}
  m_LightProbeVolumeOverride: {fileID: 0}
  m_ScaleInLightmap: 1
  m_PreserveUVs: 0
  m_IgnoreNormalsForChartDetection: 0
  m_ImportantGI: 0
  m_StitchLightmapSeams: 0
  m_SelectedEditorRenderState: 3
  m_MinimumChartSize: 4
  m_AutoUVMaxDistance: 0.5
  m_AutoUVMaxAngle: 89
  m_LightmapParameters: {fileID: 0}
  m_SortingLayerID: 0
  m_SortingLayer: 0
  m_SortingOrder: 0
--- !u!33 &33676668349459086
MeshFilter:
  m_ObjectHideFlags: 1
  m_PrefabParentObject: {fileID: 0}
  m_PrefabInternal: {fileID: 100100000}
  m_GameObject: {fileID: 1304123540766684}
  m_Mesh: {fileID: 4300000, guid: 90cc41cd74546574781ba5b6a8e5e65f, type: 3}
--- !u!54 &54005525946744806
Rigidbody:
  m_ObjectHideFlags: 1
  m_PrefabParentObject: {fileID: 0}
  m_PrefabInternal: {fileID: 100100000}
  m_GameObject: {fileID: 1132510793176652}
  serializedVersion: 2
  m_Mass: 1
  m_Drag: 0
  m_AngularDrag: 0.05
  m_UseGravity: 1
  m_IsKinematic: 0
  m_Interpolate: 0
  m_Constraints: 0
  m_CollisionDetection: 0
--- !u!65 &65014909518337830
BoxCollider:
  m_ObjectHideFlags: 1
  m_PrefabParentObject: {fileID: 0}
  m_PrefabInternal: {fileID: 100100000}
  m_GameObject: {fileID: 1746426102366272}
  m_Material: {fileID: 0}
  m_IsTrigger: 1
  m_Enabled: 1
  serializedVersion: 2
  m_Size: {x: 0.12, y: 0.02, z: 0.15}
  m_Center: {x: 0, y: 0, z: 0}
--- !u!65 &65216070517351996
BoxCollider:
  m_ObjectHideFlags: 1
  m_PrefabParentObject: {fileID: 0}
  m_PrefabInternal: {fileID: 100100000}
  m_GameObject: {fileID: 1910642635436730}
  m_Material: {fileID: 0}
  m_IsTrigger: 1
  m_Enabled: 1
  serializedVersion: 2
  m_Size: {x: 0.13, y: 0.03, z: 0.1}
  m_Center: {x: 0, y: 0, z: 0}
--- !u!65 &65335424692823960
BoxCollider:
  m_ObjectHideFlags: 1
  m_PrefabParentObject: {fileID: 0}
  m_PrefabInternal: {fileID: 100100000}
  m_GameObject: {fileID: 1294314803690192}
  m_Material: {fileID: 0}
  m_IsTrigger: 1
  m_Enabled: 1
  serializedVersion: 2
  m_Size: {x: 0.01, y: 0.03, z: 0.12}
  m_Center: {x: 0, y: 0, z: 0}
--- !u!65 &65435542189225180
BoxCollider:
  m_ObjectHideFlags: 1
  m_PrefabParentObject: {fileID: 0}
  m_PrefabInternal: {fileID: 100100000}
  m_GameObject: {fileID: 1017727737961950}
  m_Material: {fileID: 0}
  m_IsTrigger: 1
  m_Enabled: 1
  serializedVersion: 2
  m_Size: {x: 0.11, y: 0.03, z: 0.1}
  m_Center: {x: 0, y: 0, z: 0}
--- !u!65 &65567330544739876
BoxCollider:
  m_ObjectHideFlags: 1
  m_PrefabParentObject: {fileID: 0}
  m_PrefabInternal: {fileID: 100100000}
  m_GameObject: {fileID: 1184736943897734}
  m_Material: {fileID: 0}
  m_IsTrigger: 1
  m_Enabled: 1
  serializedVersion: 2
  m_Size: {x: 0.1, y: 0.02, z: 0.15}
  m_Center: {x: 0, y: 0, z: 0}
--- !u!65 &65874995660482424
BoxCollider:
  m_ObjectHideFlags: 1
  m_PrefabParentObject: {fileID: 0}
  m_PrefabInternal: {fileID: 100100000}
  m_GameObject: {fileID: 1829986109709944}
  m_Material: {fileID: 0}
  m_IsTrigger: 1
  m_Enabled: 1
  serializedVersion: 2
  m_Size: {x: 0.02, y: 0.03, z: 0.13}
  m_Center: {x: 0, y: 0, z: 0}
--- !u!82 &82824523366968446
AudioSource:
  m_ObjectHideFlags: 1
  m_PrefabParentObject: {fileID: 0}
  m_PrefabInternal: {fileID: 100100000}
  m_GameObject: {fileID: 1132510793176652}
  m_Enabled: 1
  serializedVersion: 4
  OutputAudioMixerGroup: {fileID: 0}
  m_audioClip: {fileID: 0}
  m_PlayOnAwake: 0
  m_Volume: 1
  m_Pitch: 1
  Loop: 0
  Mute: 0
  Spatialize: 0
  SpatializePostEffects: 0
  Priority: 128
  DopplerLevel: 1
  MinDistance: 1
  MaxDistance: 500
  Pan2D: 0
  rolloffMode: 1
  BypassEffects: 0
  BypassListenerEffects: 0
  BypassReverbZones: 0
  rolloffCustomCurve:
    serializedVersion: 2
    m_Curve:
    - serializedVersion: 2
      time: 0
      value: 1
      inSlope: 0
      outSlope: 0
      tangentMode: 0
    - serializedVersion: 2
      time: 1
      value: 0
      inSlope: 0
      outSlope: 0
      tangentMode: 0
    m_PreInfinity: 2
    m_PostInfinity: 2
    m_RotationOrder: 4
  panLevelCustomCurve:
    serializedVersion: 2
    m_Curve:
    - serializedVersion: 2
      time: 0
      value: 0
      inSlope: 0
      outSlope: 0
      tangentMode: 0
    m_PreInfinity: 2
    m_PostInfinity: 2
    m_RotationOrder: 0
  spreadCustomCurve:
    serializedVersion: 2
    m_Curve:
    - serializedVersion: 2
      time: 0
      value: 0
      inSlope: 0
      outSlope: 0
      tangentMode: 0
    m_PreInfinity: 2
    m_PostInfinity: 2
    m_RotationOrder: 0
  reverbZoneMixCustomCurve:
    serializedVersion: 2
    m_Curve:
    - serializedVersion: 2
      time: 0
      value: 1
      inSlope: 0
      outSlope: 0
      tangentMode: 0
    m_PreInfinity: 2
    m_PostInfinity: 2
    m_RotationOrder: 0
--- !u!114 &114070871865677814
MonoBehaviour:
  m_ObjectHideFlags: 1
  m_PrefabParentObject: {fileID: 0}
  m_PrefabInternal: {fileID: 100100000}
  m_GameObject: {fileID: 1132510793176652}
  m_Enabled: 1
  m_EditorHideFlags: 0
  m_Script: {fileID: 11500000, guid: 525d4f6165930ca4987d48fcc578a662, type: 3}
  m_Name: 
  m_EditorClassIdentifier: 
  isHeld: 0
  rigid: {fileID: 54005525946744806}
  glovePart: {fileID: 114811866005871062}
--- !u!114 &114380994236466106
MonoBehaviour:
  m_ObjectHideFlags: 1
  m_PrefabParentObject: {fileID: 0}
  m_PrefabInternal: {fileID: 100100000}
  m_GameObject: {fileID: 1132510793176652}
  m_Enabled: 1
  m_EditorHideFlags: 0
  m_Script: {fileID: 11500000, guid: aa584fbee541324448dd18d8409c7a41, type: 3}
  m_Name: 
  m_EditorClassIdentifier: 
  ownerId: 0
  group: 0
  OwnerShipWasTransfered: 0
  prefixBackup: -1
  synchronization: 3
  onSerializeTransformOption: 3
  onSerializeRigidBodyOption: 2
  ownershipTransfer: 1
  ObservedComponents:
  - {fileID: 114070871865677814}
  ObservedComponentsFoldoutOpen: 1
  viewIdField: 0
  instantiationId: -1
  currentMasterID: -1
  isRuntimeInstantiated: 0
--- !u!114 &114573461612039768
MonoBehaviour:
  m_ObjectHideFlags: 1
  m_PrefabParentObject: {fileID: 0}
  m_PrefabInternal: {fileID: 100100000}
  m_GameObject: {fileID: 1132510793176652}
  m_Enabled: 1
  m_EditorHideFlags: 0
  m_Script: {fileID: 11500000, guid: b93b6a877adcbf94c89a9d6e0c0e844d, type: 3}
  m_Name: 
  m_EditorClassIdentifier: 
--- !u!114 &114590889963205380
MonoBehaviour:
  m_ObjectHideFlags: 1
  m_PrefabParentObject: {fileID: 0}
  m_PrefabInternal: {fileID: 100100000}
  m_GameObject: {fileID: 1132510793176652}
  m_Enabled: 1
  m_EditorHideFlags: 0
  m_Script: {fileID: 11500000, guid: 6e75ccd01f44b2c44ac1defc3ab7b4d3, type: 3}
  m_Name: 
  m_EditorClassIdentifier: 
  catchSound: {fileID: 8300000, guid: 7fbf5ad4bdde8694ca91d7f7b4c44ad3, type: 3}
--- !u!114 &114811866005871062
MonoBehaviour:
  m_ObjectHideFlags: 1
  m_PrefabParentObject: {fileID: 0}
  m_PrefabInternal: {fileID: 100100000}
  m_GameObject: {fileID: 1132510793176652}
  m_Enabled: 1
  m_EditorHideFlags: 0
  m_Script: {fileID: 11500000, guid: 3745daa8a696f394dab51b63eaabcff1, type: 3}
  m_Name: 
  m_EditorClassIdentifier: 
  attachToHandAutomatically: 0
  attached: 0
  isOnRightHand: 0
  trajToWatch: {fileID: 0}
  shouldBeOnLeft: 0
  isBotOwned: 0
  catchPosition: {fileID: 4608498758058356}
  oculusOffset: {x: -0.045, y: -0.03, z: 0.03}
  gearVROffset: {x: -0.045, y: -0.03, z: 1}
--- !u!135 &135045196394500678
SphereCollider:
  m_ObjectHideFlags: 1
  m_PrefabParentObject: {fileID: 0}
  m_PrefabInternal: {fileID: 100100000}
  m_GameObject: {fileID: 1132510793176652}
  m_Material: {fileID: 0}
  m_IsTrigger: 1
  m_Enabled: 1
  serializedVersion: 2
  m_Radius: 0.5
  m_Center: {x: 0.034401756, y: 0.0075217523, z: 0.1271168}
