%YAML 1.1
%TAG !u! tag:unity3d.com,2011:
--- !u!1 &190360
GameObject:
  m_ObjectHideFlags: 0
  m_PrefabParentObject: {fileID: 0}
  m_PrefabInternal: {fileID: 100100000}
  serializedVersion: 5
  m_Component:
  - component: {fileID: 409066}
  - component: {fileID: 3358456}
  - component: {fileID: 13565674}
  - component: {fileID: 5444266}
  - component: {fileID: 2352264}
  - component: {fileID: 11414594}
  - component: {fileID: 11478148}
  - component: {fileID: 11457834}
  - component: {fileID: 11468342}
  - component: {fileID: 11498998}
  - component: {fileID: 11473320}
  - component: {fileID: 11452148}
  - component: {fileID: 114000013189107638}
  - component: {fileID: 114746289617998276}
  - component: {fileID: 114731701242106204}
  - component: {fileID: 114061687303328632}
  m_Layer: 0
  m_Name: Ball_Full_Ducks
  m_TagString: ball
  m_Icon: {fileID: 0}
  m_NavMeshLayer: 0
  m_StaticEditorFlags: 0
  m_IsActive: 1
--- !u!4 &409066
Transform:
  m_ObjectHideFlags: 1
  m_PrefabParentObject: {fileID: 0}
  m_PrefabInternal: {fileID: 100100000}
  m_GameObject: {fileID: 190360}
  m_LocalRotation: {x: 0, y: 0, z: 0, w: 1}
  m_LocalPosition: {x: -8.327349, y: 12.492189, z: 19.482342}
  m_LocalScale: {x: 0.3, y: 0.3, z: 0.3}
  m_Children: []
  m_Father: {fileID: 0}
  m_RootOrder: 0
  m_LocalEulerAnglesHint: {x: 0, y: 0, z: 0}
--- !u!23 &2352264
MeshRenderer:
  m_ObjectHideFlags: 1
  m_PrefabParentObject: {fileID: 0}
  m_PrefabInternal: {fileID: 100100000}
  m_GameObject: {fileID: 190360}
  m_Enabled: 1
  m_CastShadows: 1
  m_ReceiveShadows: 1
  m_DynamicOccludee: 1
  m_MotionVectors: 1
  m_LightProbeUsage: 1
  m_ReflectionProbeUsage: 1
  m_Materials:
  - {fileID: 2100000, guid: d102abf074aebe143b03903add7fb9f8, type: 2}
  m_StaticBatchInfo:
    firstSubMesh: 0
    subMeshCount: 0
  m_StaticBatchRoot: {fileID: 0}
  m_ProbeAnchor: {fileID: 0}
  m_LightProbeVolumeOverride: {fileID: 0}
  m_ScaleInLightmap: 1
  m_PreserveUVs: 1
  m_IgnoreNormalsForChartDetection: 0
  m_ImportantGI: 0
  m_StitchLightmapSeams: 0
  m_SelectedEditorRenderState: 3
  m_MinimumChartSize: 4
  m_AutoUVMaxDistance: 0.5
  m_AutoUVMaxAngle: 89
  m_LightmapParameters: {fileID: 0}
  m_SortingLayerID: 0
  m_SortingLayer: 0
  m_SortingOrder: 0
--- !u!33 &3358456
MeshFilter:
  m_ObjectHideFlags: 1
  m_PrefabParentObject: {fileID: 0}
  m_PrefabInternal: {fileID: 100100000}
  m_GameObject: {fileID: 190360}
  m_Mesh: {fileID: 10207, guid: 0000000000000000e000000000000000, type: 0}
--- !u!54 &5444266
Rigidbody:
  m_ObjectHideFlags: 1
  m_PrefabParentObject: {fileID: 0}
  m_PrefabInternal: {fileID: 100100000}
  m_GameObject: {fileID: 190360}
  serializedVersion: 2
  m_Mass: 5
  m_Drag: 0
  m_AngularDrag: 0.05
  m_UseGravity: 1
  m_IsKinematic: 0
  m_Interpolate: 0
  m_Constraints: 0
  m_CollisionDetection: 1
--- !u!114 &11414594
MonoBehaviour:
  m_ObjectHideFlags: 1
  m_PrefabParentObject: {fileID: 0}
  m_PrefabInternal: {fileID: 100100000}
  m_GameObject: {fileID: 190360}
  m_Enabled: 1
  m_EditorHideFlags: 0
  m_Script: {fileID: 11500000, guid: 783750eec4c41da428b7651515146d14, type: 3}
  m_Name: 
  m_EditorClassIdentifier: 
  velocityAverageFrames: 5
  angularVelocityAverageFrames: 11
  estimateOnAwake: 0
--- !u!114 &11452148
MonoBehaviour:
  m_ObjectHideFlags: 1
  m_PrefabParentObject: {fileID: 0}
  m_PrefabInternal: {fileID: 100100000}
  m_GameObject: {fileID: 190360}
  m_Enabled: 1
  m_EditorHideFlags: 0
  m_Script: {fileID: 11500000, guid: d85505bede4faf6459987fdf599ff22f, type: 3}
  m_Name: 
  m_EditorClassIdentifier: 
  centerOfMassOffset: {x: 0, y: 0, z: 0}
  buoyancyMesh: {fileID: 4300000, guid: c5053c6769640dd42b9534faa611559c, type: 3}
  buoyancyMeshScale: 60
--- !u!114 &11457834
MonoBehaviour:
  m_ObjectHideFlags: 1
  m_PrefabParentObject: {fileID: 0}
  m_PrefabInternal: {fileID: 100100000}
  m_GameObject: {fileID: 190360}
  m_Enabled: 1
  m_EditorHideFlags: 0
  m_Script: {fileID: 11500000, guid: ffefbea063cab884ca33e5a449e5c22c, type: 3}
  m_Name: 
  m_EditorClassIdentifier: 
  attachmentFlags: 12
  attachmentPoint: 
  catchSpeedThreshold: 0
  restoreOriginalParent: 0
  attachEaseIn: 0
  snapAttachEaseInCurve:
    serializedVersion: 2
    m_Curve:
    - serializedVersion: 2
      time: 0
      value: 0
      inSlope: 0
      outSlope: 0
      tangentMode: 0
    - serializedVersion: 2
      time: 1
      value: 1
      inSlope: 0
      outSlope: 0
      tangentMode: 0
    m_PreInfinity: 2
    m_PostInfinity: 2
    m_RotationOrder: 4
  snapAttachEaseInTime: 0.15
  attachEaseInAttachmentNames: []
  onPickUp:
    m_PersistentCalls:
      m_Calls: []
    m_TypeName: UnityEngine.Events.UnityEvent, UnityEngine.CoreModule, Version=0.0.0.0,
      Culture=neutral, PublicKeyToken=null
  onDetachFromHand:
    m_PersistentCalls:
      m_Calls: []
    m_TypeName: UnityEngine.Events.UnityEvent, UnityEngine.CoreModule, Version=0.0.0.0,
      Culture=neutral, PublicKeyToken=null
  snapAttachEaseInCompleted: 0
--- !u!114 &11468342
MonoBehaviour:
  m_ObjectHideFlags: 1
  m_PrefabParentObject: {fileID: 0}
  m_PrefabInternal: {fileID: 100100000}
  m_GameObject: {fileID: 190360}
  m_Enabled: 1
  m_EditorHideFlags: 0
  m_Script: {fileID: 11500000, guid: c4153b26428ccf041950b92c057812a3, type: 3}
  m_Name: 
  m_EditorClassIdentifier: 
  onHandHoverBegin:
    m_PersistentCalls:
      m_Calls: []
    m_TypeName: UnityEngine.Events.UnityEvent, UnityEngine.CoreModule, Version=0.0.0.0,
      Culture=neutral, PublicKeyToken=null
  onHandHoverEnd:
    m_PersistentCalls:
      m_Calls: []
    m_TypeName: UnityEngine.Events.UnityEvent, UnityEngine.CoreModule, Version=0.0.0.0,
      Culture=neutral, PublicKeyToken=null
  onAttachedToHand:
    m_PersistentCalls:
      m_Calls: []
    m_TypeName: UnityEngine.Events.UnityEvent, UnityEngine.CoreModule, Version=0.0.0.0,
      Culture=neutral, PublicKeyToken=null
  onDetachedFromHand:
    m_PersistentCalls:
      m_Calls: []
    m_TypeName: UnityEngine.Events.UnityEvent, UnityEngine.CoreModule, Version=0.0.0.0,
      Culture=neutral, PublicKeyToken=null
--- !u!114 &11473320
MonoBehaviour:
  m_ObjectHideFlags: 1
  m_PrefabParentObject: {fileID: 0}
  m_PrefabInternal: {fileID: 100100000}
  m_GameObject: {fileID: 190360}
  m_Enabled: 1
  m_EditorHideFlags: 0
  m_Script: {fileID: 11500000, guid: ad2af12478d28cb47a34ab204a11f3bd, type: 3}
  m_Name: 
  m_EditorClassIdentifier: 
  killBall: 0
  timeToLive: 15
--- !u!114 &11478148
MonoBehaviour:
  m_ObjectHideFlags: 1
  m_PrefabParentObject: {fileID: 0}
  m_PrefabInternal: {fileID: 100100000}
  m_GameObject: {fileID: 190360}
  m_Enabled: 1
  m_EditorHideFlags: 0
  m_Script: {fileID: 11500000, guid: b93b6a877adcbf94c89a9d6e0c0e844d, type: 3}
  m_Name: 
  m_EditorClassIdentifier: 
--- !u!114 &11498998
MonoBehaviour:
  m_ObjectHideFlags: 1
  m_PrefabParentObject: {fileID: 0}
  m_PrefabInternal: {fileID: 100100000}
  m_GameObject: {fileID: 190360}
  m_Enabled: 1
  m_EditorHideFlags: 0
  m_Script: {fileID: 11500000, guid: 04eb81bc019a4294bad034d14c94ddd7, type: 3}
  m_Name: 
  m_EditorClassIdentifier: 
  useTrails: 0
  onBatHit:
    m_PersistentCalls:
      m_Calls: []
    m_TypeName: UnityEngine.Events.UnityEvent, UnityEngine.CoreModule, Version=0.0.0.0,
      Culture=neutral, PublicKeyToken=null
  groundHitParticle: {fileID: 100000, guid: 794c2f5a017428d4a87f5726c32865a8, type: 2}
  minParticleScale: 0.2
  maxParticleScale: 1
  particleScaleCoefficient: 0.014
  distance: 0
  positionWhenHit: {x: 0, y: 0, z: 0}
  hitGround: 0
  hasEverHitGround: 0
  initialVelocity: {x: 0, y: 0, z: 0}
  isScored: 0
  isActive: 0
  velocityDeltaThreshold: 0.05
  minSpeedThreshold: 0.05
  alreadyBeenHit: 0
--- !u!135 &13565674
SphereCollider:
  m_ObjectHideFlags: 1
  m_PrefabParentObject: {fileID: 0}
  m_PrefabInternal: {fileID: 100100000}
  m_GameObject: {fileID: 190360}
  m_Material: {fileID: 13400000, guid: 219184f14383634499eb27e3777fe746, type: 2}
  m_IsTrigger: 0
  m_Enabled: 1
  serializedVersion: 2
  m_Radius: 0.5
  m_Center: {x: 0, y: 0, z: 0}
--- !u!1001 &100100000
Prefab:
  m_ObjectHideFlags: 1
  serializedVersion: 2
  m_Modification:
    m_TransformParent: {fileID: 0}
    m_Modifications:
    - target: {fileID: 0}
      propertyPath: m_CollisionDetection
      value: 2
      objectReference: {fileID: 0}
    - target: {fileID: 0}
      propertyPath: m_TagString
      value: ball
      objectReference: {fileID: 0}
    - target: {fileID: 0}
      propertyPath: m_Mass
      value: 1
      objectReference: {fileID: 0}
    - target: {fileID: 0}
      propertyPath: m_IsKinematic
      value: 0
      objectReference: {fileID: 0}
    - target: {fileID: 0}
      propertyPath: m_UseLightProbes
      value: 0
      objectReference: {fileID: 0}
    - target: {fileID: 0}
      propertyPath: m_ReflectionProbeUsage
      value: 0
      objectReference: {fileID: 0}
    - target: {fileID: 0}
      propertyPath: m_Enabled
      value: 1
      objectReference: {fileID: 0}
    - target: {fileID: 0}
      propertyPath: m_Drag
      value: 0
      objectReference: {fileID: 0}
    - target: {fileID: 0}
      propertyPath: m_UseGravity
      value: 1
      objectReference: {fileID: 0}
    - target: {fileID: 0}
      propertyPath: timeToLive
      value: 15
      objectReference: {fileID: 0}
    - target: {fileID: 0}
      propertyPath: killBalls
      value: 0
      objectReference: {fileID: 0}
    m_RemovedComponents: []
  m_ParentPrefab: {fileID: 0}
  m_RootGameObject: {fileID: 190360}
  m_IsPrefabParent: 1
--- !u!114 &114000013189107638
MonoBehaviour:
  m_ObjectHideFlags: 1
  m_PrefabParentObject: {fileID: 0}
  m_PrefabInternal: {fileID: 100100000}
  m_GameObject: {fileID: 190360}
  m_Enabled: 1
  m_EditorHideFlags: 0
  m_Script: {fileID: 11500000, guid: bb7e9d9306baa3a4885f5c66252f583d, type: 3}
  m_Name: 
  m_EditorClassIdentifier: 
  waterSplashPrefabs:
  - {fileID: 100010, guid: cee5f0c785dd47d40b4bd7b8ba480076, type: 2}
  - {fileID: 100000, guid: 2a630b89a27d30a45b095ced7edb5926, type: 2}
  - {fileID: 100000, guid: d441d3f90a8667a4bbc8a779107d022f, type: 2}
  pitchMaterial: {fileID: 2100000, guid: 5db61407f339a1641a02ac8d31b4dcdb, type: 2}
  hittableComponent: {fileID: 11498998}
--- !u!114 &114061687303328632
MonoBehaviour:
  m_ObjectHideFlags: 1
  m_PrefabParentObject: {fileID: 0}
  m_PrefabInternal: {fileID: 100100000}
  m_GameObject: {fileID: 190360}
  m_Enabled: 1
  m_EditorHideFlags: 0
  m_Script: {fileID: 11500000, guid: 8586c9e556837164bbbb8fe06880e4c6, type: 3}
  m_Name: 
  m_EditorClassIdentifier: 
  hitComponent: {fileID: 11498998}
  rb: {fileID: 5444266}
  trail: {fileID: 0}
  customThrowableComponent: {fileID: 114731701242106204}
  OnPitchComplete:
    m_PersistentCalls:
      m_Calls: []
    m_TypeName: UnityEngine.Events.UnityEvent, UnityEngine.CoreModule, Version=0.0.0.0,
      Culture=neutral, PublicKeyToken=null
  debugRenderer: {fileID: 2352264}
--- !u!114 &114731701242106204
MonoBehaviour:
  m_ObjectHideFlags: 1
  m_PrefabParentObject: {fileID: 0}
  m_PrefabInternal: {fileID: 100100000}
  m_GameObject: {fileID: 190360}
  m_Enabled: 1
  m_EditorHideFlags: 0
  m_Script: {fileID: 11500000, guid: 8f5c619e2b0f9734ab39eba6c4f55f6f, type: 3}
  m_Name: 
  m_EditorClassIdentifier: 
  onHandHoverBegin:
    m_PersistentCalls:
      m_Calls: []
    m_TypeName: UnityEngine.Events.UnityEvent, UnityEngine.CoreModule, Version=0.0.0.0,
      Culture=neutral, PublicKeyToken=null
  onHandHoverEnd:
    m_PersistentCalls:
      m_Calls: []
    m_TypeName: UnityEngine.Events.UnityEvent, UnityEngine.CoreModule, Version=0.0.0.0,
      Culture=neutral, PublicKeyToken=null
  onAttachedToHand:
    m_PersistentCalls:
      m_Calls:
      - m_Target: {fileID: 11498998}
        m_MethodName: SetWasHitByBat
        m_Mode: 6
        m_Arguments:
          m_ObjectArgument: {fileID: 0}
          m_ObjectArgumentAssemblyTypeName: UnityEngine.Object, UnityEngine
          m_IntArgument: 0
          m_FloatArgument: 0
          m_StringArgument: 
          m_BoolArgument: 0
        m_CallState: 2
      - m_Target: {fileID: 11473320}
        m_MethodName: StopKillCount
        m_Mode: 1
        m_Arguments:
          m_ObjectArgument: {fileID: 0}
          m_ObjectArgumentAssemblyTypeName: UnityEngine.Object, UnityEngine
          m_IntArgument: 0
          m_FloatArgument: 0
          m_StringArgument: 
          m_BoolArgument: 0
        m_CallState: 2
    m_TypeName: UnityEngine.Events.UnityEvent, UnityEngine.CoreModule, Version=0.0.0.0,
      Culture=neutral, PublicKeyToken=null
  onDetachedFromHand:
    m_PersistentCalls:
      m_Calls:
      - m_Target: {fileID: 114061687303328632}
        m_MethodName: OnReleased
        m_Mode: 1
        m_Arguments:
          m_ObjectArgument: {fileID: 0}
          m_ObjectArgumentAssemblyTypeName: UnityEngine.Object, UnityEngine
          m_IntArgument: 0
          m_FloatArgument: 0
          m_StringArgument: 
          m_BoolArgument: 0
        m_CallState: 2
    m_TypeName: UnityEngine.Events.UnityEvent, UnityEngine.CoreModule, Version=0.0.0.0,
      Culture=neutral, PublicKeyToken=null
--- !u!114 &114746289617998276
MonoBehaviour:
  m_ObjectHideFlags: 1
  m_PrefabParentObject: {fileID: 0}
  m_PrefabInternal: {fileID: 100100000}
  m_GameObject: {fileID: 190360}
  m_Enabled: 1
  m_EditorHideFlags: 0
  m_Script: {fileID: 11500000, guid: 98d144f848cf60341b1c7a2ac8747136, type: 3}
  m_Name: 
  m_EditorClassIdentifier: 
  rotationFrozen: 0
  draggable: 1
  forceKinematic: 0
  GrabbedRigidbody: {fileID: 0}
